@book{diller97,
    author = "Antoni Diller",
    title = "{\LaTeX} Line by Line",
    year = "1997",
    edition = "1st",
    publisher = "Wiley",
    address = "Chichester, England"
}
