@Book{adams,
  author    = {Goossens, Michel and Mittelbach, Frank and Samarin, Alexander},
  title     = {The LaTeX Companion},
  edition   = {1},
  publisher = {Addison-Wesley},
  location  = {Reading, Mass.},
  year      = {1994},
}
@Book{adams,
  title     = {The Restaurant at the End of the Universe},
  author    = {Douglas Adams},
  series    = {The Hitchhiker's Guide to the Galaxy},
  publisher = {Pan Macmillan},
  year      = {1980}
}
@Article{Mathetitle,
  author  = {Mezzacapo, F. and Cirac, J. I.},
  title   = {Ground-state properties of the spin-$\frac{1}{2}$ antiferromagnetic Heisenberg
             model on the triangular lattice: a variational study based on
             entangled-plaquette states.},
  year    = {2010},
  journal = {New. J. Phys.},
  number  = {12},
  issn    = {103039},
}
